<record xmlns:xsi="http://www.w3.org/2001/XMLSchema-instance" xmlns="http://www.loc.gov/MARC21/slim" xsi:schemaLocation="http://www.loc.gov/MARC21/slim http://www.loc.gov/standards/marcxml/schema/MARC21slim.xsd">

  <leader>00597nam a2200181Ia 4500</leader>
  <datafield ind1=" " tag="999" ind2=" ">
    <subfield code="c">1223</subfield>
    <subfield code="d">1223</subfield>
  </datafield>
  <controlfield tag="008">170516b1998    xxu||||| |||| 00| | spa d</controlfield>
  <datafield ind1=" " ind2=" " tag="090">
    <subfield code="a">01.02.01 </subfield>
    <subfield code="b">476</subfield>
  </datafield>
  <datafield tag="100" ind2=" " ind1="1">
    <subfield code="a">Gutiérrez Pérez, Francisco</subfield>
    <subfield code="9">2745</subfield>
  </datafield>
  <datafield ind1="1" ind2="0" tag="245">
    <subfield code="a">Construyamos la integración centroamericana /</subfield>
    <subfield code="c">Francisco Gutiérrez</subfield>
  </datafield>
  <datafield ind2=" " tag="260" ind1=" ">
    <subfield code="a">[s.l.] :  </subfield>
    <subfield code="b">Editorialpec, </subfield>
    <subfield code="c">1998</subfield>
  </datafield>
  <datafield tag="300" ind2=" " ind1=" ">
    <subfield code="a">70 páginas</subfield>
  </datafield>
  <datafield tag="650" ind2="4" ind1="1">
    <subfield code="a">INTEGRACIÓN CULTURAL</subfield>
    <subfield code="9">2286</subfield>
  </datafield>
  <datafield ind1="1" tag="650" ind2="4">
    <subfield code="9">2474</subfield>
    <subfield code="a">INTEGRACIÓN REGIONAL</subfield>
  </datafield>
  <datafield ind2="4" tag="650" ind1="1">
    <subfield code="9">2473</subfield>
    <subfield code="a">INTEGRACIÓN ECONÓMICA</subfield>
  </datafield>
  <datafield ind1="1" tag="650" ind2="4">
    <subfield code="9">2746</subfield>
    <subfield code="a">INTEGRACIÓN INDUSTRIAL</subfield>
  </datafield>
  <datafield tag="650" ind2="4" ind1="1">
    <subfield code="a">INTEGRACIÓN POLÍTICA</subfield>
    <subfield code="9">2747</subfield>
  </datafield>
  <datafield ind2=" " tag="942" ind1=" ">
    <subfield code="2">z</subfield>
    <subfield code="c">01</subfield>
  </datafield>
</record>